<record><leader>00000cas a22000007a 4500</leader><controlfield tag="001">13744467</controlfield><controlfield tag="008">860618d19341942mtuwr ne      0    0eng d</controlfield><datafield ind1=" " ind2=" " tag="010"><subfield code="a">sn 86075227 </subfield></datafield><datafield ind1=" " ind2=" " tag="040"><subfield code="a">MTL</subfield><subfield code="b">eng</subfield><subfield code="c">MTL</subfield><subfield code="d">OCLCQ</subfield></datafield><datafield ind1=" " ind2=" " tag="042"><subfield code="a">msc</subfield></datafield><datafield ind1="0" ind2="4" tag="245"><subfield code="a">The Hill County Sunday journal.</subfield></datafield><datafield ind1=" " ind2=" " tag="260"><subfield code="a">Havre, Mont. :</subfield><subfield code="b">[s.n.],</subfield><subfield code="c">1934-1942.</subfield></datafield><datafield ind1=" " ind2=" " tag="300"><subfield code="a">8 v. :</subfield><subfield code="b">ill.</subfield></datafield><datafield ind1=" " ind2=" " tag="310"><subfield code="a">Weekly</subfield></datafield><datafield ind1="0" ind2=" " tag="362"><subfield code="a">22nd year, no. 9 (Nov. 11, 1934)-29th year, no. 6 (Apr. 19, 1942).</subfield></datafield><datafield ind1=" " ind2=" " tag="580"><subfield code="a">The Sunday edition of the Havre daily news.</subfield></datafield><datafield ind1=" " ind2=" " tag="752"><subfield code="a">United States</subfield><subfield code="b">Montana</subfield><subfield code="c">Hill</subfield><subfield code="d">Havre.</subfield></datafield><datafield ind1="1" ind2=" " tag="775"><subfield code="t">Havre daily news</subfield><subfield code="w">(DLC)sn 83007671</subfield></datafield><datafield ind1="0" ind2="0" tag="780"><subfield code="t">Hill County journal</subfield><subfield code="w">(DLC)sn 86075226</subfield></datafield></record>